@article{Richards2015BestDoesnt.,
    title = {{Best Practices in Insect Genome Sequencing: What Works and What Doesn't.}},
    year = {2015},
    journal = {Current opinion in insect science},
    author = {Richards, Stephen and Murali, Shwetha C},
    month = {2},
    pages = {1--7},
    volume = {7},
    publisher = {NIH Public Access},
    url = {http://www.ncbi.nlm.nih.gov/pubmed/26085980 http://www.pubmedcentral.nih.gov/articlerender.fcgi?artid=PMC4465116},
    doi = {10.1016/j.cois.2015.02.013},
    issn = {2214-5745},
    pmid = {26085980}
}

@article{Tsutsui2008TheAnts,
    title = {{The evolution of genome size in ants}},
    year = {2008},
    journal = {BMC Evolutionary Biology},
    author = {Tsutsui, Neil D and Suarez, Andrew V and Spagna, Joseph C and Johnston, J Spencer and Gregory, TR and Evans, JD and Gundersen-Rindal, D and Gardner, TWJ and Gregory, TR and Wilson, EO and H{\"{o}}lldobler, B and Wilson, EO and Li, JB and Heinz, KM and Johnston, JS and Ross, LD and Beani, L and Hughes, DP and Kathirithamby, J and Geraci, NS and Johnston, JS and Robinson, JP and Wikel, SK and Hill, CA and Gregory, TR and Bennett, MD and Leitch, IJ and SanMiguel, P and Gaut, BS and Tikhonov, A and Nakajima, Y and Bennetzen, JL and Kazazian, HH and Kidwell, MG and Comeron, JM and Ustinova, J and Achmann, R and Cremer, S and Mayer, F and Hancock, JM and Hancock, JM and Toth, G and Gaspari, Z and Jurka, J and Redon, R and Ishikawa, S and Fitch, KR and Feuk, L and Perry, GH and Andrews, TD and Fiegler, H and Shapero, MH and Carson, AR and Chen, WW and Cho, EK and Dallaire, S and Freeman, JL and Gonzalez, JR and Gratacos, M and Huang, J and Kalaitzopoulos, D and Komura, D and MacDonald, JR and Marshall, CR and Mei, R and Montgomery, L and Nishimura, K and Okamura, K and Shen, F and Somerville, MJ and Tchinda, J and Valsesia, A and Woodwark, C and Yang, FT and Zhang, JJ and Zerjal, T and Zhang, J and Armengol, L and Conrad, DF and Estivill, X and Tyler-Smith, C and Carter, NP and Aburatani, H and Lee, C and Jones, KW and Scherer, SW and Hurles, ME and Gregory, TR and Gregory, TR and Petrov, DA and Lozovskaya, ER and Hartl, DL and Devos, KM and Brown, JKM and Bennetzen, JL and Bennetzen, JL and Ma, JX and Devos, K and Ma, JX and Bennetzen, JL and Oliver, MJ and Petrov, D and Ackerly, D and Falkowski, P and Schofield, OM and Gregory, TR and Hebert, PDN and Kolasa, J and Finston, TL and Hebert, PDN and Foottit, RB and Ferrari, JA and Rai, KS and Ellegren, H and Vandenbussche, RA and Longmire, JL and Baker, RJ and Organ, CL and Shedlock, AM and Meade, A and Pagel, M and Edwards, SV and Hughes, AL and Hughes, MK and Reinhold, K and Gregory, TR and Pittendrigh, BR and Clark, JM and Johnston, JS and Lee, SH and Romero-Severson, J and Dasch, GA and Gregory, TR and Weinstock, GM and Robinson, GE and Gibbs, RA and Worley, KC and Evans, JD and Maleszka, R and Robertson, HM and Weaver, DB and Beye, M and Bork, P and Elsik, CG and Hartfelder, K and Hunt, GJ and Zdobnov, EM and Amdam, GV and Bitondi, MMG and Collins, AM and Cristino, AS and Lattorff, HMG and Lobo, CH and Moritz, RFA and Nunes, FMF and Page, RE and Simoes, ZLP and Wheeler, D and Carninci, P and Fukuda, S and Hayashizaki, Y and Kai, C and Kawai, J and Sakazume, N and Sasaki, D and Tagami, M and Albert, S and Baggerman, G and Beggs, KT and Bloch, G and Cazzamali, G and Cohen, M and Drapeau, MD and Eisenhardt, D and Emore, C and Ewing, MA and Fahrbach, SE and Foret, S and Grimmelikhuijzen, CJP and Hauser, F and Hummon, AB and Huybrechts, J and Jones, AK and Kadowaki, T and Kaplan, N and Kucharski, R and Leboulle, G and Linial, M and Littleton, JT and Mercer, AR and Richmond, TA and Rodriguez-Zas, SL and Rubin, EB and Sattelle, DB and Schlipalius, D and Schoofs, L and Shemesh, Y and Sweedler, JV and Velarde, R and Verleyen, P and Vierstraete, E and Williamson, MR and Ament, SA and Brown, SJ and Corona, M and Dearden, PK and Dunn, WA and Elekonich, MM and Fujiyuki, T and Gattermeier, I and Gempe, T and Hasselmann, M and Kadowaki, T and Kage, E and Kamikouchi, A and Kubo, T and Kucharski, R and Kunieda, T and Lorenzen, M and Milshina, NV and Morioka, M and Ohashi, K and Overbeek, R and Ross, CA and Schioett, M and Shippy, T and Takeuchi, H and Toth, AL and Willis, JH and Wilson, MJ and Gordon, KHJ and Letunic, I and Hackett, K and Peterson, J and Felsenfeld, A and Guyer, M and Solignac, M and Agarwala, R and Cornuet, JM and Monnerot, M and Mougel, F and Reese, JT and Vautrin, D and Gillespie, JJ and Cannone, JJ and Gutell, RR and Johnston, JS and Eisen, MB and Iyer, VN and Iyer, V and Kosarev, P and Mackey, AJ and Solovyev, V and Souvorov, A and Aronstein, KA and Bilikova, K and Chen, YP and Clark, AG and Decanini, LI and Gelbart, WM and Hetru, C and Hultmark, D and Imler, JL and Jiang, HB and Kanost, M and Kimura, K and Lazzaro, BP and Lopez, DL and Simuth, J and Thompson, GJ and Zou, Z and Jong, P De and Sodergren, E and Csuros, M and Milosavljevic, A and Osoegawa, K and Richards, S and Shu, CL and Duret, L and Elhaik, E and Graur, D and Anzola, JM and Campbell, KS and Childs, KL and Collinge, D and Crosby, MA and Dickens, CM and Grametes, LS and Grozinger, CM and Jones, PL and Jorda, M and Ling, X and Matthews, BB and Miller, J and Mizzen, C and Peinado, MA and Reid, JG and Russo, SM and Schroeder, AJ and Pierre, SE St and Wang, Y and Zhou, PL and Jiang, HY and Kitts, P and Ruef, B and Venkatraman, A and Zhang, L and Aquino-Perez, G and Whitfield, CW and Behura, SK and Berlocher, SH and Sheppard, WS and Smith, DR and Suarez, AV and Tsutsui, ND and Wei, XH and Wheeler, D and Havlak, P and Li, BS and Liu, Y and Sodergren, E and Jolivet, A and Lee, S and Nazareth, LV and Pu, LL and Thorn, R and Stolc, V and Newman, T and Samanta, M and Tongprasit, WA and Claudianos, C and Berenbaum, MR and Biswas, S and Graaf, DC de and Feyereisen, R and Johnson, RM and Oakeshott, JG and Ranson, H and Schuler, MA and Muzny, D and Chacko, J and Davis, C and Dinh, H and Gill, R and Hernandez, J and Hines, S and Hume, J and Jackson, L and Kovar, C and Lewis, L and Miner, G and Morgan, M and Nguyen, N and Okwuonu, G and Paul, H and Santibanez, J and Savery, G and Svatek, A and Villasana, D and Wright, R and Consort, HGS and Moreau, CS and Bell, CD and Vila, R and Archibald, SB and Pierce, NE and Brady, SG and Schultz, TR and Fisher, BL and Ward, PS and Mueller, UG and Gerardo, NM and Aanen, DK and Six, DL and Schultz, TR and Chapela, IH and Rehner, SA and Schultz, TR and Mueller, UG and Wetterer, JK and Schultz, TR and Meier, R and Gregory, TR and Hebert, PDN and Gregory, TR and Shorthouse, DP and Wang, J and Jemielity, S and Uva, P and Wurm, Y and Graff, J and Keller, L and Bennett, MD and Leitch, IJ and Price, HJ and Johnston, JS and Abouheif, E and Reeve, J and Abouheif, E and Felsenstein, J and Purvis, A and Rambaut, A},
    number = {1},
    pages = {64},
    volume = {8},
    publisher = {BioMed Central},
    url = {http://bmcevolbiol.biomedcentral.com/articles/10.1186/1471-2148-8-64},
    doi = {10.1186/1471-2148-8-64},
    issn = {1471-2148},
    keywords = {Animal Systematics/Taxonomy/Biogeography, Entomology, Evolutionary Biology, Genetics and Population Dynamics, Life Sciences, general}
}

@article{Smith2015HowParasites.,
    title = {{How Do Genomes Create Novel Phenotypes? Insights from the Loss of the Worker Caste in Ant Social Parasites.}},
    year = {2015},
    journal = {Molecular biology and evolution},
    author = {Smith, Chris R and Helms Cahan, Sara and Kemena, Carsten and Brady, Seán G and Yang, Wei and Bornberg-Bauer, Erich and Eriksson, Ti and Gadau, Juergen and Helmkampf, Martin and Gotzek, Dietrich and Okamoto Miyakawa, Misato and Suarez, Andrew V and Mikheyev, Alexander},
    number = {11},
    month = {11},
    pages = {2919--31},
    volume = {32},
    publisher = {Oxford University Press},
    url = {http://www.ncbi.nlm.nih.gov/pubmed/26226984 http://www.pubmedcentral.nih.gov/articlerender.fcgi?artid=PMC4651238},
    doi = {10.1093/molbev/msv165},
    issn = {1537-1719},
    pmid = {26226984},
    keywords = {ant, caste, genome, phenotypic plasticity, social parasite}
}

@article{Smith2010AntNumbers.,
    title = {{Ant genomics: strength and diversity in numbers.}},
    year = {2010},
    journal = {Molecular ecology},
    author = {Smith, Christopher D and Smith, Christopher R and Mueller, Ulrich and Gadau, Jürgen},
    number = {1},
    month = {1},
    pages = {31--5},
    volume = {19},
    url = {http://www.ncbi.nlm.nih.gov/pubmed/20002579},
    doi = {10.1111/j.1365-294X.2009.04438.x},
    issn = {1365-294X},
    pmid = {20002579}
}

@article{Wu2009ConstructionSpecies,
    title = {{Construction and sequence sampling of deep-coverage, large-insert BAC libraries for three model lepidopteran species}},
    year = {2009},
    journal = {BMC Genomics},
    author = {Wu, Chengcang and Proestou, Dina and Carter, Dorothy and Nicholson, Erica and Santos, Filippe and Zhao, Shaying and Zhang, Hong-Bin and Goldsmith, Marian R and Wu, C and Xu, Z and Zhang, H-B and He, L and Du, C and Li, Y and Scheuring, C and Zhang, H-B and Ito, K and Kidokoro, K and Sezutsu, H and Nohata, J and Yamamoto, K and Kobayashi, I and Uchino, K and Kalyebi, A and Eguchi, R and Hara, W and Grisart, B and Coppieters, W and Farnir, F and Karim, L and Ford, C and Berzi, P and Cambisano, N and Mni, M and Reid, S and Simon, P and Spelman, R and Georges, M and Snell, R and Sahara, K and Yoshido, A and Marec, F and Fukov{\'{a}}, I and Zhang, H-B and Wu, C and Goldsmith, MR and Yasukochi, Y and Zhang, H-B and Wu, C and Wu, C and Sun, S and Lee, M-K and Xu, ZY and Ren, C and Zhang, H-B and Mita, K and Kasahara, M and Sasaki, S and Nagayasu, Y and Yamada, T and Kanamori, H and Namiki, N and Kitagawa, M and Yamashita, H and Yasukochi, Y and Xia, Q and Zhou, Z and Lu, C and Cheng, D and Dai, F and Li, B and Zhao, P and Zha, X and Cheng, T and Chai, C and Yamamoto, K and Narukawa, J and Kadono-Okuda, K and Nohata, J and Sasanuma, M and Suetsugu, Y and Banno, Y and Fujii, H and Goldsmith, MR and Mita, K and Yamamoto, K and Nohata, J and Kadono-Okuda, K and Narukawa, J and Sasanuma, M and Sasanuma, SI and Minami, H and Shimomura, M and Suetsugu, Y and Banno, Y and Osoegawa, K and Jong, PJ de and Goldsmith, MR and Mita, K and Zhao, S and Shatsman, S and Ayodeji, B and Geer, K and Tsegaye, G and Krol, M and Gebregeorgis, E and Shvartsbeyn, A and Russell, D and Overton, L and Jiang, L and Dimitrov, G and Tran, K and Shetty, J and Malek, JA and Feldblyum, T and Nierman, WC and Fraser, CM and Ren, C and Xu, ZY and Sun, S and Lee, M-K and Wu, C and Zhang, H-B and Wu, C and Asakawa, S and Shimizu, N and Kawasaki, S and Yasukochi, Y and Suetsugu, Y and Minami, H and Shimomura, M and Sasanuma, S and Narukawa, J and Mita, K and Yamamoto, K and d'Alen{\c{c}}on, E and Piffanelli, P and Volkoff, A-N and Sabau, X and Gimenez, S and Rocher, J and C{\'{e}}rutti, P and Fournier, P and Baxter, SW and Papa, R and Chamberlain, N and Humphray, SJ and Joron, M and Morrison, C and Ffrench-Constant, RH and McMillan, WO and Jiggins, CD and Kristensen, NP and Skalski, AW and Tobler, A and Kapan, D and Flanagan, NS and Gonzalez, C and Peterson, E and Jiggins, CD and Johnston, JS and Heckel, DH and McMillan, WO and Taylor, A and Zawadzki, J and Black, B and Kreitman, M and Cafferty, P and Auld, VJ and Wilson, CH and Christensen, TA and Nighorn, AJ and Truman, JW and Riddiford, LM and Kanost, MR and Nardi, JB and Oppenheim, SJ and Hopper, KR and Heckel, DG and Gahan, LJ and Baxter, SW and Zhao, JZ and Shelton, AM and Gould, F and Tabashnik, BE and Sheck, AL and Groot, AT and Ward, CM and Gemeno, C and Wang, J and Brownie, C and Schal, C and Gould, F and Joron, M and Jiggins, CD and Papanicolaou, A and McMillan, WO and Negre, V and Hotelier, T and Volkoff, AN and Gimenez, S and Cousserans, F and Mita, K and Sabau, X and Rocher, J and Lopez-Ferber, M and d'Alencon, E and Audant, P and Sabourault, C and Bidegainberry, V and Hilliou, F and Fournier, P and Gordon, K and Tay, WT and Collinge, D and Williams, A and Batterham, P and Pringle, EG and Baxter, SW and Webster, CL and Papanicolaou, A and Lee, SF and Jiggins, CD and Beauregard, A and Curcio, MJ and Belfort, M and Fujiwara, H and Osanai, M and Matsumoto, T and Kojima, KK and Daimon, T and Hamada, K and Mita, K and Okano, K and Suzuki, MG and Kobayashi, M and Shimada, T and Wu, C and Nimmakayala, P and Santos, F and Springman, R and Meksem, K and Lightfoot, D and Zhang, H-B and Papa, R and Morrison, CM and Walters, JR and Counterman, BA and Chen, R and Halder, G and Ferguson, L and Chamberlain, N and Ffrench-Constant, R and Kapan, DD and Jiggins, CD and Reed, RD and McMillan, WO and Yasukochi, Y and Ashakumary, LA and Baba, K and Yoshido, A and Sahara, K and Gage, LP and Osanai-Futahashi, M and Suetsugu, Y and Mita, K and Fujiwara, H and Frijters, ACJ and Zhang, Z and Damme, M van and Wang, G-L and Ronald, PC and Michelmore, RW and Shizuya, H and Birren, B and Kim, UJ and Mancino, V and Slepak, T and Tachiiri, Y and Simon, M and Zhang, H-B and Zhang, H-B and Choi, S and Woo, S-S and Li, Z and Wing, RA and Smit, AFA and Hubley, R and Green, P},
    number = {1},
    pages = {283},
    volume = {10},
    publisher = {BioMed Central},
    url = {http://bmcgenomics.biomedcentral.com/articles/10.1186/1471-2164-10-283},
    doi = {10.1186/1471-2164-10-283},
    issn = {1471-2164},
    keywords = {Animal Genetics and Genomics, Life Sciences, Microarrays, Microbial Genetics and Genomics, Plant Genetics {\&} Genomics, Proteomics, general}
}

@article{Walther2002EcologicalChange,
    title = {{Ecological responses to recent climate change}},
    year = {2002},
    journal = {Nature},
    author = {Walther, Gian-Reto and Post, Eric and Convey, Peter and Menzel, Annette and Parmesan, Camille and Beebee, Trevor J. C. and Fromentin, Jean-Marc and Hoegh-Guldberg, Ove and Bairlein, Franz},
    number = {6879},
    month = {3},
    pages = {389--395},
    volume = {416},
    publisher = {Nature Publishing Group},
    url = {http://www.nature.com/doifinder/10.1038/416389a},
    doi = {10.1038/416389a},
    issn = {0028-0836}
}

@article{Weinstock2006InsightsMellifera,
    title = {{Insights into social insects from the genome of the honeybee Apis mellifera}},
    year = {2006},
    journal = {Nature},
    author = {Weinstock, George M. and Robinson, Gene E. and Gibbs, Richard A. and Weinstock, George M. and Weinstock, George M. and Robinson, Gene E. and Worley, Kim C. and Evans, Jay D. and Maleszka, Ryszard and Robertson, Hugh M. and Weaver, Daniel B. and Beye, Martin and Bork, Peer and Elsik, Christine G. and Evans, Jay D. and Hartfelder, Klaus and Hunt, Greg J. and Robertson, Hugh M. and Robinson, Gene E. and Maleszka, Ryszard and Weinstock, George M. and Worley, Kim C. and Zdobnov, Evgeny M. and Hartfelder, Klaus and Amdam, Gro V. and Bitondi, Mrcia M. G. and Collins, Anita M. and Cristino, Alexandre S. and Evans, Jay D. and Michael, H. and Lattorff, G. and Lobo, Carlos H. and Moritz, Robin F. A. and Nunes, Francis M. F. and Page, Robert E. and Simões, Zil L. P. and Wheeler, Diana and Carninci, Piero and Fukuda, Shiro and Hayashizaki, Yoshihide and Kai, Chikatoshi and Kawai, Jun and Sakazume, Naoko and Sasaki, Daisuke and Tagami, Michihira and Maleszka, Ryszard and Amdam, Gro V. and Albert, Stefan and Baggerman, Geert and Beggs, Kyle T. and Bloch, Guy and Cazzamali, Giuseppe and Cohen, Mira and Drapeau, Mark David and Eisenhardt, Dorothea and Emore, Christine and Ewing, Michael A. and Fahrbach, Susan E. and For{\^{e}}t, Sylvain and Grimmelikhuijzen, Cornelis J. P. and Hauser, Frank and Hummon, Amanda B. and Hunt, Greg J. and Huybrechts, Jurgen and Jones, Andrew K. and Kadowaki, Tatsuhiko and Kaplan, Noam and Kucharski, Robert and Leboulle, Gérard and Linial, Michal and Littleton, J. Troy and Mercer, Alison R. and Page, Robert E. and Robertson, Hugh M. and Robinson, Gene E. and Richmond, Timothy A. and RodriguezZas, Sandra L. and Rubin, Elad B. and Sattelle, David B. and Schlipalius, David and Schoofs, Liliane and Shemesh, Yair and Sweedler, Jonathan V. and Velarde, Rodrigo and Verleyen, Peter and Vierstraete, Evy and Williamson, Michael R. and Beye, Martin and Ament, Seth A. and Brown, Susan J. and Corona, Miguel and Dearden, Peter K. and Dunn, W. Augustine and Elekonich, Michelle M. and Elsik, Christine G. and For{\^{e}}t, Sylvain and Fujiyuki, Tomoko and Gattermeier, Irene and Gempe, Tanja and Hasselmann, Martin and Kadowaki, Tatsuhiko and Kage, Eriko and Kamikouchi, Azusa and Kubo, Takeo and Kucharski, Robert and Kunieda, Takekazu and Lorenzen, Marcé and Maleszka, Ryszard and Milshina, Natalia V. and Morioka, Mizue and Ohashi, Kazuaki and Overbeek, Ross and Page, Robert E. and Robertson, Hugh M. and Robinson, Gene E. and Ross, Christian A. and Schioett, Morten and Shippy, Teresa and Takeuchi, Hideaki and Toth, Amy L. and Willis, Judith H. and Wilson, Megan J. and Robertson, Hugh M. and Zdobnov, Evgeny M. and Bork, Peer and Elsik, Christine G. and Gordon, Karl H. J. and Letunic, Ivica and Hackett, Kevin and Peterson, Jane and Felsenfeld, Adam and Guyer, Mark and Solignac, Michel and Agarwala, Richa and Cornuet, Jean Marie and Elsik, Christine G. and Emore, Christine and Hunt, Greg J. and Monnerot, Monique and Mougel, Florence and Reese, Justin T. and Schlipalius, David and Vautrin, Dominique and Weaver, Daniel B. and Gillespie, Joseph J. and Cannone, Jamie J. and Gutell, Robin R. and Johnston, J. Spencer and Elsik, Christine G. and Cazzamali, Giuseppe and Eisen, Michael B. and Grimmelikhuijzen, Cornelis J. P. and Hauser, Frank and Hummon, Amanda B. and Iyer, Venky N. and Iyer, Vivek and Kosarev, Peter and Mackey, Aaron J. and Maleszka, Ryszard and Reese, Justin T. and Richmond, Timothy A. and Robertson, Hugh M. and Solovyev, Victor and Souvorov, Alexandre and Sweedler, Jonathan V. and Weinstock, George M. and Williamson, Michael R. and Zdobnov, Evgeny M. and Evans, Jay D. and Aronstein, Katherine A. and Bilikova, Katarina and Chen, Yan Ping and Clark, Andrew G. and Decanini, Laura I. and Gelbart, William M. and Hetru, Charles and Hultmark, Dan and Imler, Jean-Luc and Jiang, Haobo and Kanost, Michael and Kimura, Kiyoshi and Lazzaro, Brian P. and Lopez, Dawn L. and Simuth, Jozef and Thompson, Graham J. and Zou, Zhen and De Jong, Pieter and Sodergren, Erica and Cs{\H{u}}r{\"{o}}s, Miklós and Milosavljevic, Aleksandar and Johnston, J. Spencer and Osoegawa, Kazutoyo and Richards, Stephen and Shu, Chung-Li and Weinstock, George M. and Elsik, Christine G. and Duret, Laurent and Elhaik, Eran and Graur, Dan and Reese, Justin T. and Robertson, Hugh M. and Robertson, Hugh M. and Elsik, Christine G. and Maleszka, Ryszard and Weaver, Daniel B. and Amdam, Gro V. and Anzola, Juan M. and Campbell, Kathryn S. and Childs, Kevin L. and Collinge, Derek and Crosby, Madeline A. and Dickens, C. Michael and Elsik, Christine G. and Gordon, Karl H. J. and Gramates, L. Sian and Grozinger, Christina M. and Jones, Peter L. and Jorda, Mireia and Ling, Xu and Matthews, Beverly B. and Miller, Jonathan and Milshina, Natalia V. and Mizzen, Craig and Peinado, Miguel A. and Reese, Justin T. and Reid, Jeffrey G. and Robertson, Hugh M. and Robinson, Gene E. and Russo, Susan M. and Schroeder, Andrew J. and St Pierre, Susan E. and Wang, Ying and Zhou, Pinglei and Robertson, Hugh M. and Agarwala, Richa and Elsik, Christine G. and Milshina, Natalia V. and Reese, Justin T. and Weaver, Daniel B. and Worley, Kim C. and Childs, Kevin L. and Dickens, C. Michael and Elsik, Christine G. and Gelbart, William M. and Jiang, Huaiyang and Kitts, Paul and Milshina, Natalia V. and Reese, Justin T. and Ruef, Barbara and Russo, Susan M. and Venkatraman, Anand and Weinstock, George M. and Zhang, Lan and Zhou, Pinglei and Johnston, J. Spencer and Aquino-Perez, Gildardo and Cornuet, Jean Marie and Monnerot, Monique and Solignac, Michel and Vautrin, Dominique and Whitfield, Charles W. and Behura, Susanta K. and Berlocher, Stewart H. and Clark, Andrew G. and Gibbs, Richard A. and Johnston, J. Spencer and Sheppard, Walter S. and Smith, Deborah R. and Suarez, Andrew V. and Tsutsui, Neil D. and Weaver, Daniel B. and Wei, Xuehong and Wheeler, David and Weinstock, George M. and Worley, Kim C. and Havlak, Paul and Li, Bingshan and Liu, Yue and Sodergren, Erica and Zhang, Lan and Beye, Martin and Hasselmann, Martin and Jolivet, Angela and Lee, Sandra and Nazareth, Lynne V. and Pu, Ling-Ling and Thorn, Rachel and Weinstock, George M. and Stolc, Viktor and Robinson, Gene E. and Maleszka, Ryszard and Newman, Thomas and Samanta, Manoj and Tongprasit, Waraporn A. and Aronstein, Katherine A. and Claudianos, Charles and Berenbaum, May R. and Biswas, Sunita and de Graaf, Dirk C. and Feyereisen, Rene and Johnson, Reed M. and Oakeshott, John G. and Ranson, Hilary and Schuler, Mary A. and Muzny, Donna and Gibbs, Richard A. and Weinstock, George M. and Chacko, Joseph and Davis, Clay and Dinh, Huyen and Gill, Rachel and Hernandez, Judith and Hines, Sandra and Hume, Jennifer and Jackson, LaRonda and Kovar, Christie and Lewis, Lora and Miner, George and Morgan, Margaret and Nazareth, Lynne V. and Nguyen, Ngoc and Okwuonu, Geoffrey and Paul, Heidi and Richards, Stephen and Santibanez, Jireh and Savery, Glenford and Sodergren, Erica and Svatek, Amanda and Villasana, Donna and Wright, Rita},
    number = {7114},
    month = {10},
    pages = {931--949},
    volume = {443},
    publisher = {Nature Publishing Group},
    url = {http://www.nature.com/doifinder/10.1038/nature05260},
    doi = {10.1038/nature05260},
    issn = {0028-0836}
}

@article{Vega2015DraftHampei,
    title = {{Draft genome of the most devastating insect pest of coffee worldwide: the coffee berry borer, Hypothenemus hampei}},
    year = {2015},
    journal = {Scientific Reports},
    author = {Vega, Fernando E. and Brown, Stuart M. and Chen, Hao and Shen, Eric and Nair, Mridul B. and Ceja-Navarro, Javier A. and Brodie, Eoin L. and Infante, Francisco and Dowd, Patrick F. and Pain, Arnab and Oliveira, C. M. and Auad, A. M. and Mendes, S. M. and Frizzas, M. R. and Infante, F. and P{\'{e}}rez, J. and Vega, F. E. and Keeling, C. I. and Xie, Y. and Kim, D. and Pertea, G. and Trapnell, C. and Pimentel, H. and Kelley, R. and Salzberg, S. L. and Roberts, A. and Pimentel, H. and Trapnell, C. and Pachter, L. and Haas, B. J. and Lomsadze, A. and Burns, P. D. and Borodovsky, M. and Suzek, B. E. and Huang, H. and McGarvey, P. and Mazumder, R. and Wu, C. H. and Kent, W. J. and Parra, G. and Bradnam, K. and Korf, I. and Nawrocki, E. P. and Eddy, S. R. and Burge, S. W. and Grossi-de-s{\'{a}}, M. F. and Chrispeels, M. J. and Zhu-Salzman, K. and Zeng, R. and Watanabe, H. and Tokuda, G. and Pauchet, Y. and Wilkinson, P. and Chauhan, R. and ffrench-Constant, R. H. and Vaughn, K. C. and Duke, S. O. and Nathanson, J. A. and Vega, F. E. and Blackburn, M. B. and Kurtzman, C. P. and Dowd, P. F. and Broehan, G. and Kroeger, T. and Lorenzen, M. and Merzendorfer, H. and Dermauw, W. and Leeuwen, T. Van and Eddy, S. R. and Finn, R. D. and Tamura, K. and Stecher, G. and Peterson, D. and Filipski, A. and Kumar, S. and Ranson, H. and Oakeshott, J. G. and Horne, I. and Sutherland, T. D. and Russell, R. J. and Claudianos, C. and Strode, C. and Grbi{\'{c}}, M. and Scott, J. G. and Wen, Z. and Feyereisen, R. and Sztal, T. and Chung, H. and Berger, S. and Currie, P. D. and Batterham, P. and Daborn, P. J. and Schuler, M. A. and Soliman, K. M. and Wild, C. P. and Turner, P. C. and Enayati, A. A. and Ranson, H. and Hemingway, J. and Sheehan, D. and Meade, G. and Foley, V. M. and Dowd, C. A. and Thompson, M. and Steichen, J. C. and ffrench-Constant, R. H. and Andreev, D. and Breilid, H. and Kirkendall, L. and Brun, L. O. and ffrench-Constant, R. H. and Brun, L. O. and Marcillaud, C. and Gaudichon, V. and Suckling, D. M. and ffrench-Constant, R. H. and Steichen, J. C. and Brun, L. O. and Navarro, L. and Gongora, C. and Benavides, P. and Somnuk, S. and Tassanakajon, A. and Rimphanitchayakit, V. and Yi, H.-Y. and Chowdhury, M. and Huang, Y.-D. and Yu, X.-Q. and Acu{\~{n}}a, R. and Padilla-Hurtado, B. and Liu, N. and Pauchet, Y. and Heckel, D. G. and Kirsch, R. and Vega, F. E. and Kramer, M. and Jaramillo, J. and Bolger, A. M. and Lohse, M. and Usadel, B.},
    month = {7},
    pages = {12525},
    volume = {5},
    publisher = {Nature Publishing Group},
    url = {http://www.nature.com/articles/srep12525},
    doi = {10.1038/srep12525},
    issn = {2045-2322}
}

@article{Land2015InsightsSequencing.,
    title = {{Insights from 20 years of bacterial genome sequencing.}},
    year = {2015},
    journal = {Functional {\&} integrative genomics},
    author = {Land, Miriam and Hauser, Loren and Jun, Se-Ran and Nookaew, Intawat and Leuze, Michael R and Ahn, Tae-Hyuk and Karpinets, Tatiana and Lund, Ole and Kora, Guruprased and Wassenaar, Trudy and Poudel, Suresh and Ussery, David W},
    number = {2},
    month = {3},
    pages = {141--61},
    volume = {15},
    publisher = {Springer},
    url = {http://www.ncbi.nlm.nih.gov/pubmed/25722247 http://www.pubmedcentral.nih.gov/articlerender.fcgi?artid=PMC4361730},
    doi = {10.1007/s10142-015-0433-4},
    issn = {1438-7948},
    pmid = {25722247}
}

@article{Soria-Carrasco2014StickSpeciation,
    title = {{Stick Insect Genomes Reveal Natural Selection’s Role in Parallel Speciation}},
    year = {2014},
    journal = {Science},
    author = {Soria-Carrasco, Víctor and Gompert, Zachariah and Comeault, Aaron A. and Farkas, Timothy E. and Parchman, Thomas L. and Johnston, J. Spencer and Buerkle, C. Alex and Feder, Jeffrey L. and Bast, Jens and Schwander, Tanja and Egan, Scott P. and Crespi, Bernard J. and Nosil, Patrik},
    number = {6185},
    volume = {344}
}

@article{Merchant2014UnexpectedProjects.,
    title = {{Unexpected cross-species contamination in genome sequencing projects.}},
    year = {2014},
    journal = {PeerJ},
    author = {Merchant, Samier and Wood, Derrick E and Salzberg, Steven L},
    pages = {e675},
    volume = {2},
    publisher = {PeerJ, Inc},
    url = {http://www.ncbi.nlm.nih.gov/pubmed/25426337 http://www.pubmedcentral.nih.gov/articlerender.fcgi?artid=PMC4243333},
    doi = {10.7717/peerj.675},
    pmid = {25426337},
    keywords = {Bioinformatics, DNA sequencing, Genome assembly, Genomics, Microbiome, Sequence analysis}
}

@article{Mukherjee2015Large-scaleControl.,
    title = {{Large-scale contamination of microbial isolate genomes by Illumina PhiX control.}},
    year = {2015},
    journal = {Standards in genomic sciences},
    author = {Mukherjee, Supratim and Huntemann, Marcel and Ivanova, Natalia and Kyrpides, Nikos C and Pati, Amrita},
    pages = {18},
    volume = {10},
    publisher = {BioMed Central},
    url = {http://www.ncbi.nlm.nih.gov/pubmed/26203331 http://www.pubmedcentral.nih.gov/articlerender.fcgi?artid=PMC4511556},
    doi = {10.1186/1944-3277-10-18},
    pmid = {26203331},
    keywords = {Comparative genomics, Contamination, Next-generation sequencing, PhiX}
}

@article{Jones2013ADiversity.,
    title = {{A cross-taxon analysis of insect-associated bacterial diversity.}},
    year = {2013},
    journal = {PloS one},
    author = {Jones, Ryan Thomas and Sanchez, Leticia Gonzales and Fierer, Noah},
    number = {4},
    pages = {e61218},
    volume = {8},
    publisher = {Public Library of Science},
    url = {http://www.ncbi.nlm.nih.gov/pubmed/23613815 http://www.pubmedcentral.nih.gov/articlerender.fcgi?artid=PMC3628706},
    doi = {10.1371/journal.pone.0061218},
    issn = {1932-6203},
    pmid = {23613815}
}

@article{Efron2007OnGenes,
    title = {{On testing the significance of sets of genes}},
    year = {2007},
    journal = {The Annals of Applied Statistics},
    author = {Efron, Bradley and Tibshirani, Robert},
    number = {1},
    month = {6},
    pages = {107--129},
    volume = {1},
    url = {http://projecteuclid.org/euclid.aoas/1183143731},
    doi = {10.1214/07-AOAS101},
    issn = {1932-6157}
}

@article{Roux2014PatternsGenomes.,
    title = {{Patterns of positive selection in seven ant genomes.}},
    year = {2014},
    journal = {Molecular biology and evolution},
    author = {Roux, Julien and Privman, Eyal and Moretti, Sébastien and Daub, Josephine T and Robinson-Rechavi, Marc and Keller, Laurent},
    number = {7},
    month = {7},
    pages = {1661--85},
    volume = {31},
    publisher = {Oxford University Press},
    url = {http://www.ncbi.nlm.nih.gov/pubmed/24782441 http://www.pubmedcentral.nih.gov/articlerender.fcgi?artid=PMC4069625},
    doi = {10.1093/molbev/msu141},
    issn = {1537-1719},
    pmid = {24782441},
    keywords = {Drosophila, Hymenoptera, aging, bees, comparative genomics, dN/dS, immunity, lifespan, metabolism, neurogenesis, olfactory receptors, sociality}
}

@article{DiamondClimaticCommunities,
    title = {{Climatic warming destabilizes forest ant communities}},
    author = {Diamond, Sarah E and Nichols, Lauren M and Pelini, Shannon L and Penick, Clint A and Barber, Grace W and Cahan, Sara Helms and Dunn, Robert R and Ellison, Aaron M and Sanders, Nathan J and Gotelli, Nicholas J}
}

@article{Stanton-GeddesThermalSpecies,
    title = {{Thermal reactionomes reveal divergent responses to thermal extremes in warm and cool-climate ant species}},
    author = {Stanton-Geddes, John and Nguyen, Andrew and Chick, Lacy and Vincent, James and Vangala, Mahesh and Dunn, Robert R and Ellison, Aaron M and Sanders, Nathan J and Gotelli, Nicholas J and Helms Cahan, Sara},
    doi = {10.1186/s12864-016-2466-z},
    keywords = {Aphaenogaster, Gene expression, Plasticity, Reactionome, Transcriptome Background}
}

@article{Kronauer2014AntSeize,
    title = {{Ant genomics (Hymenoptera: Formicidae): challenges to overcome and opportunities to seize}},
    year = {2014},
    journal = {Myrmecol. News},
    author = {Kronauer, Daniel J C and Wurm, Yannick},
    pages = {59--72},
    volume = {21}
}

@article{Wurm2011TheInvicta.,
    title = {{The genome of the fire ant Solenopsis invicta.}},
    year = {2011},
    journal = {Proceedings of the National Academy of Sciences of the United States of America},
    author = {Wurm, Yannick and Wang, John and Riba-Grognuz, Oksana and Corona, Miguel and Nygaard, Sanne and Hunt, Brendan G and Ingram, Krista K and Falquet, Laurent and Nipitwattanaphon, Mingkwan and Gotzek, Dietrich and Dijkstra, Michiel B and Oettler, Jan and Comtesse, Fabien and Shih, Cheng-Jen and Wu, Wen-Jer and Yang, Chin-Cheng and Thomas, Jerome and Beaudoing, Emmanuel and Pradervand, Sylvain and Flegel, Volker and Cook, Erin D and Fabbretti, Roberto and Stockinger, Heinz and Long, Li and Farmerie, William G and Oakey, Jane and Boomsma, Jacobus J and Pamilo, Pekka and Yi, Soojin V and Heinze, Jürgen and Goodisman, Michael A D and Farinelli, Laurent and Harshman, Keith and Hulo, Nicolas and Cerutti, Lorenzo and Xenarios, Ioannis and Shoemaker, Dewayne and Keller, Laurent},
    number = {14},
    month = {4},
    pages = {5679--84},
    volume = {108},
    publisher = {National Academy of Sciences},
    url = {http://www.ncbi.nlm.nih.gov/pubmed/21282665 http://www.pubmedcentral.nih.gov/articlerender.fcgi?artid=PMC3078418},
    doi = {10.1073/pnas.1009690108},
    issn = {1091-6490},
    pmid = {21282665}
}